@article{bischl2015package,
  title =	 {Package 'mlr'},
  author =	 {Bischl, Bernd, and Lang, Michel, and Richter, Jakob,
                  and Bossek, Jakob, and Judt, Leonard, and Kuehn,
                  Tobias, and Studerus, Erich, and Kotthoff, Lars, and
                  Jones, Zachary},
  year =	 2015
}

@article{breiman1996bagging,
  title =	 {Bagging predictors},
  author =	 {Breiman, Leo},
  journal =	 {Machine learning},
  volume =	 24,
  number =	 2,
  pages =	 {123--140},
  year =	 1996,
  publisher =	 {Springer}
}

@book{breiman1999classification,
  title =	 {Classification and Regression Trees},
  author =	 {Breiman, Leo and Friedman, Jerome H and Olshen,
                  Richard A and Stone, Charles J},
  year =	 1999,
  publisher =	 {CRC Press, New York}
}

@article{breiman2001random,
  title =	 {Random forests},
  author =	 {Breiman, Leo},
  journal =	 {Machine learning},
  volume =	 45,
  number =	 1,
  pages =	 {5--32},
  year =	 2001,
  publisher =	 {Springer}
}

@article{de2002multivariate,
  title =	 {Multivariate regression trees: a new technique for
                  modeling species-environment relationships},
  author =	 {De'Ath, Glenn},
  journal =	 {Ecology},
  volume =	 83,
  number =	 4,
  pages =	 {1105--1117},
  year =	 2002,
  publisher =	 {Eco Soc America}
}

@book{friedman2001elements,
  title =	 {The elements of statistical learning},
  author =	 {Friedman, Jerome and Hastie, Trevor and Tibshirani,
                  Robert},
  volume =	 1,
  year =	 2001,
  publisher =	 {Springer series in statistics Springer, Berlin}
}

@article{friedman2001greedy,
  title =	 {Greedy function approximation: a gradient boosting
                  machine},
  author =	 {Friedman, Jerome H},
  journal =	 {Annals of statistics},
  pages =	 {1189--1232},
  year =	 2001,
  publisher =	 {JSTOR}
}

@article{goldstein2015package,
  title =	 {Package ‘ICEbox’},
  author =	 {Goldstein, Alex and Kapelner, Adam and Bleich,
                  Justin and Kapelner, Maintainer Adam},
  year =	 2015
}

@article{goldstein2015peeking,
  title =	 {Peeking inside the black box: Visualizing
                  statistical learning with plots of individual
                  conditional expectation},
  author =	 {Goldstein, Alex and Kapelner, Adam and Bleich,
                  Justin and Pitkin, Emil},
  journal =	 {Journal of Computational and Graphical Statistics},
  volume =	 24,
  number =	 1,
  pages =	 {44--65},
  year =	 2015,
  publisher =	 {Taylor \& Francis}
}

@article{hill2014empirical,
  title =	 {An Empirical Evaluation of Explanations for State
                  Repression},
  author =	 {Hill, Daniel W and Jones, Zachary M},
  journal =	 {American Political Science Review},
  volume =	 108,
  number =	 03,
  pages =	 {661--687},
  year =	 2014,
  publisher =	 {Cambridge Univ Press}
}

@article{hothorn2006unbiased,
  title =	 {Unbiased recursive partitioning: A conditional
                  inference framework},
  author =	 {Hothorn, Torsten and Hornik, Kurt and Zeileis,
                  Achim},
  journal =	 {Journal of Computational and Graphical statistics},
  volume =	 15,
  number =	 3,
  pages =	 {651--674},
  year =	 2006,
  publisher =	 {Taylor \& Francis}
}

@article{jones2015rfss,
  title =	 {Exploratory Data Analysis using Random Forests},
  author =	 {Jones, Zachary M, and Linder, Fridolin},
  year =	 2015
}

@article{segal2011multivariate,
  title =	 {Multivariate random forests},
  author =	 {Segal, Mark and Xiao, Yuanyuan},
  journal =	 {Wiley Interdisciplinary Reviews: Data Mining and
                  Knowledge Discovery},
  volume =	 1,
  number =	 1,
  pages =	 {80--87},
  year =	 2011,
  publisher =	 {Wiley Online Library}
}

@article{fernandez2014we,
  title =	 {Do we need hundreds of classifiers to solve real
                  world classification problems?},
  author =	 {Fern{\'a}ndez-Delgado, Manuel and Cernadas, Eva and
                  Barro, Sen{\'e}n and Amorim, Dinani},
  journal =	 {The Journal of Machine Learning Research},
  volume =	 15,
  number =	 1,
  pages =	 {3133--3181},
  year =	 2014,
  publisher =	 {JMLR. org}
}

@article{hooker2007generalized,
  title =	 {Generalized functional anova diagnostics for
                  high-dimensional functions of dependent variables},
  author =	 {Hooker, Giles},
  journal =	 {Journal of Computational and Graphical Statistics},
  volume =	 16,
  number =	 3,
  year =	 2007
}

@article{friedman2008predictive,
  title =	 {Predictive learning via rule ensembles},
  author =	 {Friedman, Jerome H and Popescu, Bogdan E},
  journal =	 {The Annals of Applied Statistics},
  pages =	 {916--954},
  year =	 2008,
  publisher =	 {JSTOR}
}

@inproceedings{hooker2004diagnosing,
  title =	 {Diagnosing extrapolation: Tree-based density
                  estimation},
  author =	 {Hooker, Giles},
  booktitle =	 {Proceedings of the tenth ACM SIGKDD international
                  conference on Knowledge discovery and data mining},
  pages =	 {569--574},
  year =	 2004,
  organization = {ACM}
}

@inproceedings{hooker2004discovering,
  title =	 {Discovering additive structure in black box
                  functions},
  author =	 {Hooker, Giles},
  booktitle =	 {Proceedings of the tenth ACM SIGKDD international
                  conference on Knowledge discovery and data mining},
  pages =	 {575--580},
  year =	 2004,
  organization = {ACM}
}
